@online{waterlooMCG,
  author = {Waterloo Math Deparement},
  title = {{Wiki} Generating Random Numbers},
  year = 2017,
  url = {https://wiki.math.uwaterloo.ca/statwiki/index.php?title=generating_Random_Numbers},
  urldate = {2024-03-10}
}

@article{guglani2008transient,
  title={Transient tachypnea of the newborn},
  author={Guglani, Lokesh and Lakshminrusimha, Satyan and Ryan, Rita M},
  journal={Pediatrics in review},
  volume={29},
  number={11},
  pages={e59--e65},
  year={2008},
  publisher={American Academy of Pediatrics}
}
