@article{hull1962random,
  title={Random number generators},
  author={Hull, Thomas E and Dobell, Alan R},
  journal={SIAM review},
  volume={4},
  number={3},
  pages={230--254},
  year={1962},
  publisher={SIAM}
}
