@book{example,
    author ="Michel Goossens and Frank Mittlebach and Alexander Samarin",
    title = "The Latex Companion A",
    year = "1993",
    publisher = "Addison-Wesley",
    address = "Reading,  Massachusetts"
}

@book{whack,
    author = "noi",
    title =  "the whack man" ,
    year = " 2001" ,
    publisher = " nomanssky" ,
    address = " reading Massachusetts"
}

@misc{waterlooMCG,
    author = "University Of Waterloo Math Department",
    title = "generating Random Numbers",
    howpublished = {\url{https://wiki.math.uwaterloo.ca/statwiki/index.php?title=generating_Random_Numbers#Inverse_Transform_Method}},
    year = "2009",
    publisher = "University Of Waterloo",
    address = "Waterloo, Canada"
}

@article{fallOntoPlanes,
    author = "George Marsaglia",
    title =  "Random Numbers Fall Mainly In The Planes",
    journal = "Mathematics research Laboratory, Boeing Scientific Research Laboratories ",
    year = 1968
}


@misc{jukSource,
    author =  "Juk Developers",
    title =  "playlist.cpp",
    howpublished = {\url{https://github.com/KDE/juk/blob/master/playlist.cpp#L676}},
    year = "2024",
    publisher = "KDE Foundatation",
    address = "Berlin Germany",
}

@article{linuxRNG,
    author = "Huzaifa Sidhurwala",
    title = "Understanding Random Number Generators and their Limitations, In Linux",
    journal = "Red Hat Blog",
    year = 2019
}

@misc{modArth,
    author = "Art Of Problem Solving",
    title = "Modular Arithmetic/Introduction",
    howpublished = {\url{https://artofproblemsolving.com/wiki/index.php/Modular_arithmetic/Introduction}},
    year = 2024,

}


@misc{utahMod,
    author = "Utah State University",
    title = "Modular Arithmetic Properties",
    howpublished = {\url{http://5010.mathed.usu.edu/Fall2019/SSwallow/ModProperties.html}},
    year = 2024
}

@misc{cornelMod,
    author = "Cornell University",
    title = "Everything You Need To Know About Modular Arithmetic",
    howpublished = {\url{https://pi.math.cornell.edu/~morris/135/mod.pdf}},
    year = 2006
}

@article{reteamHal,
  author = "HaldirRET",
  title = "How to Crack A Linear Congruential Generator",
  journal = "reteam.org",
  year = 2004,
  howpublished = {\url{https://www.reteam.org/papers/e59.pdf}},
    note = " https://www.reteam.org/papers/e59.pdf"

}
